# Bibliography for Chaste paper in the Journal of Open Source Software (http://joss.theoj.org/)

@Article{Abdullah2017Universal,
  author  = {Abdullah, A. and Avraam, D. and Chepizhko, O. and Vaccari, T. and Zapperi, S. and La Porta, C.A.M. and Vasiev, B.},
  title   = {{Universal statistics of epithelial tissue topology}},
  journal = {arXiv preprint arXiv:1710.08527},
  year    = {2017},
  url={https://arxiv.org/abs/1710.08527}
}

@Article{Abramson2010High,
  author  = {Abramson, D. and Bernabeu, M.O. and Bethwaite, B. and Burrage, K. and Corrias, A. and Enticott, C. and Garic, S. and Gavaghan, D. and Peachey, T. and Pitt-Francis, J. and Pueyo, E. and Rodriguez, B. and Sher, A. and Tan, J.},
  title   = {{High-throughput cardiac science on the Grid}},
  journal = {Philos. Trans. R. Soc. A},
  year    = {2010},
  volume  = {368},
  number  = {1925},
  pages   = {3907--3923},
  doi     = {10.1098/rsta.2010.0170}
}

@Article{Agudelo-Toro2013Computationally,
  author  = {Agudelo-Toro, A. and Neef, A.},
  title   = {{Computationally efficient simulation of electrical activity at cell membranes interacting with self-generated and externally imposed electric fields}},
  journal = {J. Neural Eng.},
  year    = {2013},
  volume  = {10},
  number  = {2},
  pages   = {026019},
  doi     = {10.1088/1741-2560/10/2/026019}
}

@Article{Almet2018Multicellular,
  author  = {Almet, A.A. and Hughes, B.D. and Landman, K.A. and N{\"a}thke, I.S. and Osborne, J.M.},
  title   = {{A multicellular model of intestinal crypt buckling and fission}},
  journal = {Bull. Math. Biol.},
  year    = {2018},
  volume  = {80},
  number  = {2},
  pages   = {335--359},
  doi     = {10.1007/s11538-017-0377-z}
}

@Article{Arthurs2012Efficient,
  author  = {Arthurs, C.J. and Bishop, M.J. and Kay, D.},
  title   = {{Efficient simulation of cardiac electrical propagation using high order finite elements}},
  journal = {J. Comput. Phys},
  year    = {2012},
  volume  = {231},
  number  = {10},
  pages   = {2964--3962},
  doi     = {10.1016/j.jcp.2012.01.037}
}

@Article{Atwell2015Mechano-logical,
  author  = {Atwell, K. and Qin, Z. and Gavaghan, D. and Kugler, H. and Hubbard, E.J.A. and Osborne, J.M.},
  title   = {{Mechano-logical model of C. elegans germ line suggests feedback on the cell cycle}},
  journal = {Development},
  year    = {2015},
  volume  = {142},
  number  = {22},
  pages   = {3902--3911},
  doi     = {10.1242/dev.126359}
}

@Article{Baker2014Quantification,
  author  = {Baker, A.-M. and Cereser, B. and Melton, S. and Fletcher, A.G. and Rodriguez-Justo, M. and Tadrous, P.J. and Humphries, A. and Elia, G. and McDonald, S.A.C. and Wright, N.A. and Simons, B.D. and Jansen, M. and Graham, T.A.},
  title   = {{Quantification of crypt and stem cell evolution in the normal and neoplastic human colon}},
  journal = {Cell Rep},
  year    = {2014},
  volume  = {8},
  number  = {4},
  pages   = {940--947},
  doi     = {10.1016/j.celrep.2014.07.019}
}

@InProceedings{Bartolucci2014Linking,
  author       = {Bartolucci, C. and Moreno, C. and de la Cruz, A. and Lambiase, P. and Severi, S. and Valenzuela, C.},
  title        = {{Linking a novel mutation to its short QT phenotype through multiscale computational modelling}},
  booktitle    = {Computing in Cardiology 2014},
  year         = {2014},
  pages        = {1017--1020},
  organization = {IEEE}
}

@Article{Beattie2013Evaluation,
  author  = {Beattie, K.A. and Luscombe, C. and Williams, G. and Munoz-Muriedas, J. and Gavaghan, D.J. and Cui, Y. and Mirams, G.R.},
  title   = {{Evaluation of an in silico cardiac safety assay: using ion channel screening data to predict QT interval changes in the rabbit ventricular wedge}},
  journal = {J Pharmacol Toxicol Methods},
  year    = {2013},
  volume  = {68},
  number  = {1},
  pages   = {88--96},
  doi     = {10.1016/j.vascn.2013.04.004}
}

@InProceedings{Bernabeu2008High,
  author    = {Bernabeu, M.O. and Bishop, M.J. and Pitt-Francis, J. and Gavaghan, D.J. and Grau, V. and Rodriguez, B.},
  title     = {{High performance computer simulations for the study of biological function in 3D heart models incorporating fibre orientation and realistic geometry at para-cellular resolution}},
  booktitle = {Computers in Cardiology},
  year      = {2008},
  pages     = {721--724},
  doi       = {10.1109/CIC.2008.4749143}
}

@Article{Bernabeu2009Chaste,
  author  = {Bernabeu, M. and Bordas, R. and Pathmanathan, P. and Pitt-Francis, J. and Cooper, J. and Garny, A. and Gavaghan, D.J. and Rodr{\'i}guez, B. and Southern, J.A. and Whiteley, J.P.},
  title   = {{Chaste: incorporating a novel multi-scale spatial and temporal algorithm into a large-scale open source library}},
  journal = {Philos. Trans. R. Soc. A},
  year    = {2009},
  volume  = {367},
  pages   = {1907-1930},
  doi     = {10.1098/rsta.2008.0309}
}

@Article{Bernabeu2009Grid,
  author  = {Bernabeu, M.O. and Corrias, A. and Pitt-Francis, J. and Rodriguez, B. and Bethwaite, B. and Enticott, C. and Garic, S. and Peachey, T. and Tan, J. and Abramson, D. and Gavaghan, D.},
  title   = {{Grid computing simulations of ion channel block effects on the ECG using 3D anatomically-based models}},
  journal = {Comput Cardiol},
  year    = {2009},
  volume  = {36},
  pages   = {213--216}
}

@InProceedings{Bernabeu2010Shock,
  author       = {Bernabeu, M.O. and Wallman, M. and Rodriguez, B.},
  title        = {Shock-induced arrhythmogenesis in the human heart: A computational modelling study},
  booktitle    = {Annual International Conference of the IEEE Engineering in Medicine and Biology},
  year         = {2010},
  pages        = {760--763},
  organization = {IEEE},
  doi          = {10.1109/IEMBS.2010.5626338}
}

@Article{Bernabeu2010Stimulus,
  author  = {Bernabeu, M.O. and Pathmanathan, P. and Pitt-Francis, J. and Kay, D.},
  title   = {{Stimulus protocol determines the most computationally efficient preconditioner for the bidomain equations}},
  journal = {IEEE Trans Biomed Eng},
  year    = {2010},
  volume  = {57},
  number  = {12},
  pages   = {2806--2815},
  doi     = {10.1109/TBME.2010.2078817}
}

@Article{Bernabeu2011Scalable,
  author  = {Bernabeu, M.O. and Kay, D.},
  title   = {{Scalable parallel preconditioners for an open source cardiac electrophysiology simulation package}},
  journal = {Procedia Comput Sci},
  year    = {2011},
  volume  = {4},
  pages   = {821--830},
  doi     = {10.1016/j.procs.2011.04.087}
}

@Article{Bernabeu2014Chaste,
  author  = {Bernabeu, M.O. and Southern, J. and Wilson, N. and Strazdins, P. and Cooper, J. and Pitt-Francis, J.},
  title   = {{Chaste: a case study of parallelisation of an open source finite element solver with applications to computational cardiac electrophysiology simulation}},
  journal = {Int. J. High Perform. Comput. Appl.},
  year    = {2014},
  volume  = {28},
  issue   = {1},
  pages   = {13--32},
  doi     = {10.1177/1094342012474997}
}

@InProceedings{Bordas2010Integrated,
  author       = {Bordas, R. and Grau, V. and Burton, R.A.B. and Hales, P. and Schneider, J.E. and Gavaghan, D. and Kohl, P. and Rodriguez, B.},
  title        = {Integrated approach for the study of anatomical variability in the cardiac purkinje system: from high resolution MRI to electrophysiology simulation},
  booktitle    = {Annual International Conference of the IEEE Engineering in Medicine and Biology},
  year         = {2010},
  pages        = {6793--6796},
  organization = {IEEE},
  doi          = {10.1109/IEMBS.2010.5625979}
}

@Article{Bordas2011Rabbit,
  author  = {Bordas, R. and Gillow, K. and Lou, Q. and Efimov, I.R. and Gavaghan, D. and Kohl, P. and Grau, V. and Rodriguez B.},
  title   = {{Rabbit-specific ventricular model of cardiac electrophysiological function including specialized conduction system}},
  journal = {Prog Biophys Mol Biol},
  year    = {2011},
  volume  = {107},
  pages   = {90--100},
  doi     = {10.1016/j.pbiomolbio.2011.05.002}
}

@Article{Bordas2012Bidomain,
  author  = {Bordas, R. and Gillow, K. and Gavaghan, D. and Rodriguez, B. and Kay, D.},
  title   = {{A bidomain model of the ventricular specialized conduction system of the heart}},
  journal = {SIAM J. Appl. Math},
  year    = {2012},
  volume  = {72},
  pages   = {1618--1643},
  doi     = {10.1137/11082796X}
}

@article{bordas2015development,
  title={Development and analysis of patient-based complete conducting airways models},
  author={Bordas, Rafel and Lefevre, Christophe and Veeckmans, Bart and Pitt-Francis, Joe and Fetita, Catalin and Brightling, Christopher E and Kay, David and Siddiqui, Salman and Burrowes, Kelly S},
  journal={PloS one},
  volume={10},
  number={12},
  pages={e0144105},
  year={2015},
  publisher={Public Library of Science},
  doi={10.1371/journal.pone.0144105}
}

@Article{Britton2013Experimentally,
  author  = {Britton, O.J. and Bueno-Orovio, A. and Van Ammel, K. and Lu, H.R. and Towart, R. and Gallacher, D.J. and Rodriguez, B.},
  title   = {{Experimentally calibrated population of models predicts and explains intersubject variability in cardiac cellular electrophysiology}},
  journal = {Proc Natl Acad Sci USA},
  year    = {2013},
  volume  = {110},
  number  = {23},
  pages   = {E2098--E2105},
  doi     = {10.1073/pnas.1304382110}
}

@ARTICLE{Britton2017,
	AUTHOR={Britton, Oliver J. and Bueno-Orovio, Alfonso and Virág, László and Varró, András and Rodriguez, Blanca},
	TITLE={The Electrogenic Na+/K+ Pump Is a Key Determinant of Repolarization Abnormality Susceptibility in Human Ventricular Cardiomyocytes: A Population-Based Simulation Study},
	JOURNAL={Frontiers in Physiology},
	VOLUME={8},
	PAGES={278},
	YEAR={2017},
	URL={https://www.frontiersin.org/article/10.3389/fphys.2017.00278},
	DOI={10.3389/fphys.2017.00278},
	ISSN={1664-042X},
}

@article{britton2017quantitative,
  title={Quantitative comparison of effects of dofetilide, sotalol, quinidine, and verapamil between human ex vivo trabeculae and in silico ventricular models incorporating inter-individual action potential variability},
  author={Britton, Oliver J and Abi-Gerges, Najah and Page, Guy and Ghetti, Andre and Miller, Paul E and Rodriguez, Blanca},
  journal={Frontiers in physiology},
  volume={8},
  pages={597},
  year={2017},
  publisher={Frontiers},
  doi={10.3389/fphys.2017.00597}
}


@Article{Brodland2004Computational,
  author  = {Brodland, G.W.},
  title   = {{Computational modeling of cell sorting, tissue engulfment, and related phenomena: A review}},
  journal = {Appl Mech Rev},
  year    = {2004},
  volume  = {57},
  pages   = {47--77},
  doi     = {10.1115/1.1583758}
}

@Article{Buist2010Model,
  author  = {Buist, M.L. and Corrias, A. and Poh, Y.C.},
  title   = {{A model of slow wave propagation and entrainment along the stomach}},
  journal = {Ann Biomed Eng},
  year    = {2010},
  volume  = {38},
  pages   = {3022--3030},
  doi     = {10.1007/s10439-010-0051-1}
}

@article{burrowes2017combined,
	title={A combined image-modelling approach assessing the impact of hyperinflation due to emphysema on regional ventilation--perfusion matching},
	author={Burrowes, KS and Doel, Tom and Kim, M and Vargas, Claudia and Roca, Josep and Grau, Vicente and Kay, D},
	journal={Computer Methods in Biomechanics and Biomedical Engineering: Imaging \& Visualization},
	volume={5},
	number={2},
	pages={110--126},
	year={2017},
	publisher={Taylor \& Francis},
  doi={10.1080/21681163.2015.1023358}
}

@Article{Campos2016Lattice,
  author  = {Campos, J.O. and Oliveira, R.S. and dos Santos, R.W. and Rocha, B.M.},
  title   = {{Lattice Boltzmann method for parallel simulations of cardiac electrophysiology using GPUs}},
  journal = {J Comput Appl Math},
  year    = {2016},
  volume  = {295},
  pages   = {70--82},
  doi     = {10.1016/j.cam.2015.02.008}
}

@Article{Carapella2014Quantitative,
  author  = {Carapella, V. and Bordas, R. and Pathmanathan, P. and Lohezic, M. and Schneider, J.E. and Kohl, P. and Burrage, K. and Grau, V.},
  title   = {{Quantitative study of the effect of tissue microstructure on contraction in a computational model of rat left ventricle}},
  journal = {PLOS ONE},
  year    = {2014},
  volume  = {9},
  number  = {4},
  pages   = {e92792},
  doi     = {10.1371/journal.pone.0092792}
}

@InProceedings{Cardone-Noott2014Computational,
  author       = {Cardone-Noott, L. and Bueno-Orovio, A. and Minchol{\'e}, A. and Burrage, K. and Wallman, M. and Zemzemi, N. and Dall'Armellina, E. and Rodriguez, B.},
  title        = {A computational investigation into the effect of infarction on clinical human electrophysiology biomarkers},
  booktitle    = {Computing in Cardiology},
  year         = {2014},
  pages        = {673--676},
  organization = {IEEE}
}

@article{cardone2016human,
	title={Human ventricular activation sequence and the simulation of the electrocardiographic {QRS} complex and its variability in healthy and intraventricular block conditions},
	author={Cardone-Noott, L. and Bueno-Orovio, A. and Minchole, A. and Zemzemi, N. and Rodriguez, B.},
	journal={EP Europace},
	volume={18},
	number={suppl\_4},
	pages={iv4--iv15},
	year={2016},
	publisher={Oxford University Press},
  doi={10.1093/europace/euw346}
}

@article{Cardone2018,
	author = {Cardone-Noott, L. and Rodriguez, B. and Bueno-Orovio, A.},
	doi = {10.1371/journal.pone.0202410},
	editor = {Oliveira, Rafael Sachetto},
	file = {:Users/garmir/Downloads/journal.pone.0202410.pdf:pdf},
	isbn = {1111111111},
	issn = {1932-6203},
	journal = {PLOS ONE},
	month = {aug},
	number = {8},
	pages = {e0202410},
	title = {{Strategies of data layout and cache writing for input-output optimization in high performance scientific computing: Applications to the forward electrocardiographic problem}},
	url = {https://dx.plos.org/10.1371/journal.pone.0202410},
	volume = {13},
	year = {2018}
}


@Article{Carroll2017Interkinetic,
  author  = {Carroll, T.D. and Langlands, A.J. and Osborne, J.M. and Newton, I.P. and Appleton, P.L. and N{\"a}thke, I.},
  title   = {{Interkinetic nuclear migration and basal tethering facilitates post-mitotic daughter separation in intestinal organoids}},
  journal = {J Cell Sci},
  year    = {2017},
  volume  = {130},
  number  = {22},
  pages   = {3862--3877},
  doi     = {10.1242/jcs.211656}
}

@article{Cervi2018HighOrder,
  title={High-order operator splitting for the bidomain and monodomain models},
  author={Cervi, Jessica and Spiteri, Raymond J},
  journal={SIAM J. Sci. Comput},
  volume={40},
  number={2},
  pages={A769--A786},
  year={2018},
  publisher={SIAM},
  doi={10.1137/17M1137061}
}


@online{Chaste,
  author = {{Chaste Developers}},
  title = {Chaste website},
  year = 2005,
  url = {http://www.cs.ox.ac.uk/chaste},
  urldate = {2016-06-30}
}

@Article{Cickovski2007Genes,
  author  = {Cickovski, T. and Aras, K. and Swat, M. and Merks, R.M.H. and Glimm, T. and Hentschel, H.G.E. and Alber, M.S. and Glazier, J.A. and Newman, S.A. and Izaguirre, J.A.},
  title   = {{From genes to organisms via the cell: a problem-solving environment for multicellular development}},
  journal = {Comput Sci Eng},
  year    = {2007},
  volume  = {9},
  pages   = {50--60},
  doi     = {10.1109/MCSE.2007.74}
}

@Phdthesis{Cooper2008Automatic,
  title  = {Automatic validation and optimisation of biological models},
  author = {Cooper, J.},
  year   = {2008},
  school = {University of Oxford}
}

@Article{Cooper2011Considerations,
  author  = {Cooper, J. and Corrias, A. and Gavaghan, D. and Noble, D.},
  title   = {{Considerations for the use of cellular electrophysiology models within cardiac tissue simulations}},
  journal = {Prog Biophys Mol Biol},
  year    = {2011},
  volume  = {107},
  number  = {1},
  pages   = {74--80},
  doi     = {10.1016/j.pbiomolbio.2011.06.002}
}

@Article{Cooper2011High,
  author  = {Cooper, J. and Mirams, G.R. and Niederer, S.A.},
  title   = {{High-throughput functional curation of cellular electrophysiology models}},
  journal = {Prog Biophys Mol Biol},
  year    = {2011},
  volume  = {107},
  number  = {1},
  pages   = {11--20},
  doi     = {10.1016/j.pbiomolbio.2011.06.003}
}

@Article{Cooper2013Connecting,
  author  = {Cooper, J. and Osborne, J.},
  title   = {{Connecting models to data in multiscale multicellular tissue simulations}},
  journal = {Procedia Comput Sci},
  year    = {2013},
  volume  = {18},
  pages   = {712--721},
  doi     = {10.1016/j.procs.2013.05.235}
}

@Article{Cooper2015Cellular,
  author  = {Cooper, J. and Spiteri, R.J. and Mirams, G.R.},
  title   = {{Cellular cardiac electrophysiology modeling with Chaste and CellML}},
  journal = {Front Physiol},
  year    = {2015},
  volume  = {5},
  pages   = {511},
  doi     = {10.3389/fphys.2014.00511}
}

@Article{Cooper2016Cardiac,
  author  = {Cooper, J. and Scharm, M. and Mirams, G.R.},
  title   = {{The cardiac electrophysiology web lab}},
  journal = {Biophys J},
  year    = {2016},
  volume  = {110},
  number  = {2},
  pages   = {292--300},
  doi     = {10.1016/j.bpj.2015.12.012}
}

@Article{Cooper2017Numerical,
  author  = {Cooper, F.R. and Baker, R.E. and Fletcher, A.G.},
  title   = {{Numerical analysis of the Immersed Boundary Method for cell-based simulation}},
  journal = {SIAM J. Sci. Comput},
  year    = {2017},
  volume  = {39},
  number  = {5},
  pages   = {943--967},
  doi     = {10.1137/16M1092246}
}

@Article{Corrado2016Stability,
  author  = {Corrado, C. and Lassoued, J. and Mahjoub, M. and Zemzemi, N.},
  title   = {{Stability analysis of the POD reduced order method for solving the bidomain model in cardiac electrophysiology}},
  journal = {Math Biosci},
  year    = {2016},
  volume  = {272},
  pages   = {81--91},
  doi     = {10.1016/j.mbs.2015.12.005}
}

@Article{Corrias2010Arrhythmic,
  author  = {Corrias, A. and Jie, X. and Romero, L. and Bishop, M.J. and Bernabeu, M. and Pueyo, E. and Rodriguez, B.},
  title   = {{Arrhythmic risk biomarkers for the assessment of drug cardiotoxicity: from experiments to computer simulations}},
  journal = {Philos. Trans. R. Soc. A},
  year    = {2010},
  volume  = {368},
  number  = {1921},
  pages   = {3001--3025},
  doi     = {10.1098/rsta.2010.0083}
}

@InProceedings{Corrias2010Novel,
  author    = {Corrias, A. and Rodriguez, B.},
  title     = {A novel biophysically-detailed mathematical model of rabbit Purkinje cell electrophysiology.},
  booktitle = {Annual International Conference of the IEEE Engineering in Medicine and Biology Society},
  year      = {2010},
  pages     = {2658},
  doi       = {10.1109/IEMBS.2010.5626614}
}

@Article{Corrias2011Ionic,
  author  = {Corrias, A. and Giles, W. and Rodriguez, B.},
  title   = {{Ionic mechanisms of electrophysiological properties and repolarization abnormalities in rabbit Purkinje fibers}},
  journal = {Am J Physiol Heart Circ Physiol},
  year    = {2011},
  volume  = {300},
  number  = {5},
  pages   = {H1806--H1813},
  doi     = {10.1152/ajpheart.01170.2010}
}

@Article{Corrias2012Modelling,
  author  = {Corrias, A. and Pathmanathan, P. and Gavaghan, D.J. and Buist, M.L.},
  title   = {{Modelling tissue electrophysiology with multiple cell types: applications of the extended bidomain framework}},
  journal = {Integr Biol},
  year    = {2012},
  volume  = {4},
  pages   = {192--201},
  doi     = {10.1039/C2IB00100D}
}

@Article{Corsi2017Noninvasive,
  author  = {Corsi, C. and Cortesi, M. and Callisesi, G. and De Bie, J. and Napolitano, C. and Santoro, A. and Mortara, D. and Severi, S.},
  title   = {{Noninvasive quantification of blood potassium concentration from ECG in hemodialysis patients}},
  journal = {Sci Rep},
  year    = {2017},
  volume  = {7},
  pages   = {42492},
  doi     = {10.1038/srep42492}
}

@Article{Daly2015Hodgkin,
  author  = {Daly, A.C. and Gavaghan, D.J. and Holmes, C. and Cooper, J.},
  title   = {{Hodgkin-Huxley revisited: reparametrization and identifiability analysis of the classic action potential model with approximate Bayesian methods}},
  journal = {R Soc Open Sci},
  year    = {2015},
  volume  = {2},
  number  = {12},
  pages   = {150499},
  doi     = {10.1098/rsos.150499}
}

@Article{Daly2017Comparing,
  author  = {Daly, Aidan C and Cooper, Jonathan and Gavaghan, David J and Holmes, Chris},
  title   = {{Comparing two sequential Monte Carlo samplers for exact and approximate Bayesian inference on biological models}},
  journal = {JR Soc Interface},
  year    = {2017},
  volume  = {14},
  number  = {134},
  pages   = {20170340},
  doi     = {10.1098/rsif.2017.0340}
}

@article{Daly2018,
	author = {Daly, A.C. and Clerx, M. and Beattie, K.A. and Cooper, J. and Gavaghan, D.J. and Mirams, G.R.},
	doi = {10.1016/j.pbiomolbio.2018.05.011},
	issn = {00796107},
	journal = {Progress in Biophysics and Molecular Biology},
	month = {nov},
	pages = {3--14},
	publisher = {The Authors},
	title = {{Reproducible model development in the cardiac electrophysiology Web Lab}},
	url = {https://doi.org/10.1016/j.pbiomolbio.2018.05.011 https://linkinghub.elsevier.com/retrieve/pii/S0079610718300257},
	volume = {139},
	year = {2018}
}


@Article{Davies2016Recent,
  author  = {Davies, M.R. and Wang, K. and Mirams, G.R. and Caruso, A. and Noble, D. and Walz, A. and Lav{\'e}, T. and Schuler, F. and Singer, T. and Polonchuk, L.},
  title   = {{Recent developments in using mechanistic cardiac modelling for drug safety evaluation}},
  journal = {Drug Discovery Today},
  year    = {2016},
  volume  = {21},
  number  = {6},
  pages   = {924--938},
  doi     = {10.1016/j.drudis.2016.02.003}
}

@Article{Davit2013Validity,
  author  = {Davit, Y. and Osborne, J.M. and Byrne, H.M. and Gavaghan, D.J. and Pitt-Francis, J.M.},
  title   = {{Validity of the Cauchy-Born rule applied to discrete cellular-scale models of biological tissues}},
  journal = {Phys Rev E},
  year    = {2013},
  volume  = {87},
  pages   = {042724},
  doi     = {10.1103/PhysRevE.87.042724}
}

@Article{Dunn2012Modelling,
  author  = {Dunn, S.-J. and Fletcher, A.G. and Chapman, S.J. and Gavaghan, D.J. and Osborne, J.M.},
  title   = {{Modelling the role of the basement membrane beneath a growing epithelial monolayer}},
  journal = {J Theor Biol},
  year    = {2012},
  volume  = {298},
  pages   = {82--91},
  doi     = {10.1016/j.jtbi.2011.12.013}
}

@Article{Dunn2012Twodimensional,
  author  = {Dunn, S.-J. and Appleton, P.L. and Nelson, S.A. and N{\"a}thke, I.S. and Gavaghan, D.J. and Osborne, J.M.},
  title   = {{A two-dimensional model of the colonic crypt accounting for the role of the basement membrane and pericryptal fibroblast sheath}},
  journal = {PLoS Comput Biol},
  year    = {2012},
  volume  = {8},
  pages   = {e1002515},
  doi     = {10.1371/journal.pcbi.1002515}
}

@Article{Dunn2013Computational,
  author  = {Dunn, S.-J. and N{\"a}thke, I.S. and Osborne, J.M.},
  title   = {{Computational models reveal a passive mechanism for cell migration in the crypt}},
  journal = {PLOS ONE},
  year    = {2013},
  volume  = {8},
  number  = {11},
  pages   = {e80516},
  doi     = {10.1371/journal.pone.0080516}
}

@Article{Dunn2016Combined,
  author  = {Dunn, S.-J. and Osborne, J.M. and Appleton, P.L. and N{\"a}thke, I.},
  title   = {{Combined changes in Wnt signaling response and contact inhibition induce altered proliferation in radiation-treated intestinal crypts}},
  journal = {Mol Biol Cell},
  year    = {2016},
  volume  = {27},
  number  = {11},
  pages   = {1863--1874},
  doi     = {10.1091/mbc.E15-12-0854}
}

@InProceedings{Dutta2011Interpreting,
  author    = {Dutta, S. and Bishop, M.J. and Pathmanathan, P. and Lee, P. and Kohl, P. and Quinn, T.A. and Rodriguez, B.},
  title     = {Interpreting optical mapping recordings in the ischemic heart: a combined experimental and computational investigation},
  booktitle = {International Conference on Functional Imaging and Modeling of the Heart},
  year      = {2011},
  pages     = {20--27},
  doi       = {10.1007/978-3-642-21028-0_3}
}

@InProceedings{Dutta2013Ionic,
  author       = {Dutta, S. and Minchol{\'e}, A. and Walmsley, J. and Rodriguez, B.},
  title        = {Ionic mechanisms of variability in electrophysiological properties in Ischemia: A population-based study},
  booktitle    = {Computing in Cardiology},
  year         = {2013},
  pages        = {691--694},
  organization = {IEEE}
}

@article{Dutta2016,
	author = {Dutta, Sara and Minchol{\'{e}}, Ana and Zacur, Ernesto and Quinn, T. Alexander and Taggart, Peter and Rodriguez, Blanca},
	doi = {10.1016/j.pbiomolbio.2016.01.008},
	file = {:Users/garmir/Downloads/1-s2.0-S0079610716000109-main.pdf:pdf},
	issn = {00796107},
	journal = {Progress in Biophysics and Molecular Biology},
	keywords = {Computer-based model,Ischemic heart disease,Potassium channels,Repolarization,Ventricular arrhythmia},
	number = {1-3},
	pages = {236--248},
	title = {{Early afterdepolarizations promote transmural reentry in ischemic human ventricles with reduced repolarization reserve}},
	volume = {120},
	year = {2016}
}


@article{Dutta2017,
	author = {Dutta, Sara and Minchol{\'{e}}, Ana and Quinn, T. Alexander and Rodriguez, Blanca},
	doi = {10.1016/j.pbiomolbio.2017.02.007},
	issn = {00796107},
	journal = {Progress in Biophysics and Molecular Biology},
	keywords = {Action potential duration,Arrhythmias,Conduction velocity,Human ventricular cell models,Myocardial ischemia,Refractory period},
	pages = {40--52},
	title = {{Electrophysiological properties of computational human ventricular cell action potential models under acute ischemic conditions}},
	volume = {129},
	year = {2017}
}


@Article{Elkins2013Variability,
  author  = {Elkins, R.C. and Davies, M.R. and Brough, S.J. and Gavaghan, D.J. and Cui, Y. and Abi-Gerges, N. and Mirams, G.R.},
  title   = {{Variability in high-throughput ion-channel screening data and consequences for cardiac safety assessment}},
  journal = {J Pharmacol Toxicol Methods},
  year    = {2013},
  volume  = {68},
  number  = {1},
  pages   = {112--122},
  doi     = {10.1016/j.vascn.2013.04.007}
}

@Article{Figueredo2013On-lattice,
  author  = {Figueredo, G.P. and Joshi, T.V. and Osborne, J.M. and Byrne, H.M. and Owen, M.R.},
  title   = {{On-lattice agent-based simulation of populations of cells within the open-source Chaste framework}},
  journal = {Interface focus},
  year    = {2013},
  volume  = {3},
  number  = {2},
  pages   = {20120081},
  doi     = {10.1098/rsfs.2012.0081}
}

@Article{Finegan2018Tissue,
  author  = {Finegan, T.M. and Na, D. and Skeeters, A.V. and Cammarota, C. and Nadasi, T.J. and Dawney, N.S. and Fletcher, A.G. and Oakes, P.W. and Bergstralh, D.T.},
  title   = {{Tissue tension and not interphase cell shape determines cell division orientation in the Drosophila follicular epithelium}},
  journal = {EMBO Journal},
  year    = {2018},
  volume  = {38},
  pages   = {e100072},
  doi     = {10.15252/embj.2018100072}
}

@Article{Fletcher2010Multiscale,
  author  = {Fletcher, A.G. and Mirams, G.R. and Murray, P.J. and Walter, A. and Kang, J.-W. and Cho, K.-H. and Maini, P.K. and Byrne, H.M.},
  title   = {{Multiscale modeling of colonic crypts and early colorectal cancer}},
  journal = {Multiscale Cancer Modeling, Editor: TS Deisboeck},
  year    = {2010},
  volume  = {6},
  pages   = {111--134},
  doi     = {10.1201/b10407-7}
}

@Article{Fletcher2011Novel,
  author  = {Fletcher, K. and Shah, R.R. and Thomas, A. and Tobin, F. and Rodr{\'i}guez, B. and Mirams, G.R. and Saiz, J. and Noble, D.},
  title   = {{Novel approaches to assessing cardiac safety}},
  journal = {Drug Saf},
  year    = {2011},
  volume  = {34},
  number  = {5},
  pages   = {439-443},
  doi     = {10.2165/11591950-000000000-00000},
  issn    = {01145916}
}

@Article{Fletcher2012Mathematical,
  author  = {Fletcher, A.G. and Breward, C.J.W. and Chapman, S.J.},
  title   = {{Mathematical modeling of monoclonal conversion in the colonic crypt}},
  journal = {J Theor Biol},
  year    = {2012},
  volume  = {300},
  pages   = {118--133},
  doi     = {10.1016/j.jtbi.2012.01.021}
}

@Article{Fletcher2013Implementing,
  author  = {Fletcher, A.G. and Osborne, J.M. and Maini, P.K. and Gavaghan, D.J.},
  title   = {{Implementing vertex dynamics models of cell populations in biology within a consistent computational framework}},
  journal = {Prog Biophys Mol Biol},
  year    = {2013},
  volume  = {113},
  pages   = {299--326},
  doi     = {10.1016/j.pbiomolbio.2013.09.003}
}

@Article{Fletcher2014Vertex,
  author = {Fletcher, A.G. and Osterfield, M. and Baker, R.E. and Shvartsman, S.Y.},
  title = {Vertex models of epithelial morphogenesis}},
  journal = {Biophys J},
  volume  = {106},
  number  = {11},
  pages   = {2291--2304},
  year    = {2014},
  doi     = {10.1016/j.bpj.2013.11.4498}
}

@Article{Fletcher2015Multiscale,
  author  = {Fletcher, A.G. and Murray, P.J. and Maini, P.K.},
  title   = {{Multiscale modelling of intestinal crypt organization and carcinogenesis}},
  journal = {Math Models Methods Appl Sci},
  year    = {2015},
  volume  = {25},
  number  = {13},
  pages   = {2563--2585},
  doi     = {10.1142/S0218202515400187}
}

@Article{Fletcher2016Mechanocellular,
  author  = {Fletcher, A.G. and Cooper, F. and Baker, R.E.},
  title   = {{Mechanocellular models of epithelial morphogenesis}},
  journal = {Philos. Trans. R. Soc. B},
  volume  = {372},
  number  = {1720},
  year    = {2017},
  doi     = {10.1098/rstb.2015.0519},
}

@InProceedings{Franzetti2015Combined,
  author    = {Franzetti, G. and Crippa, F. and Cutr{\`\i}, E. and Spatafora, G. and Montin, E. and Mainardi, L. and Spadola, G. and Testori, A. and Pennati, G.},
  title     = {Combined approach for the biomechanical characterization of skin lesions},
  booktitle = {37th Annual International Conference of the IEEE Engineering in Medicine and Biology Society (EMBC)},
  year      = {2015},
  pages     = {913--916},
  doi       = {10.1109/EMBC.2015.7318511}
}

@Article{Galle2005Modeling,
  author  = {Galle, J. and Loeffler, M. and Drasdo, D.},
  title   = {{Modeling the effect of deregulated proliferation and apoptosis on the growth dynamics of epithelial cell populations in vitro}},
  journal = {Biophys J},
  year    = {2005},
  volume  = {88},
  pages   = {62--75},
  doi     = {10.1529/biophysj.104.041459}
}

@Article{Galle2009Contact,
  author  = {Galle, J. and Preziosi, L. and Tosin, A.},
  title   = {{Contact inhibition of growth described using a multiphase model and an individual cell based model}},
  journal = {Appl Math Lett},
  year    = {2009},
  volume  = {22},
  pages   = {1483--1490},
  doi     = {10.1016/j.aml.2008.06.051}
}

@Article{Gao2014Developmental,
  author  = {Gao, J. and Sathar, S. and O'Grady, G. and Han, Juan and Cheng, L.K.},
  title   = {{Developmental changes in postnatal murine intestinal interstitial cell of Cajal network structure and function}},
  journal = {Ann Biomed Eng},
  year    = {2014},
  volume  = {42},
  number  = {8},
  pages   = {1729--1739},
  doi     = {10.1007/s10439-014-1021-9}
}

@Article{Gao2015Stochastic,
  author  = {Gao, J. and Sathar, S. and O'Grady, G. and Archer, R. and Cheng, L.K.},
  title   = {{A stochastic algorithm for generating realistic virtual interstitial cell of Cajal networks}},
  journal = {IEEE Trans Biomed Eng},
  year    = {2015},
  volume  = {62},
  number  = {8},
  pages   = {2070--2078},
  doi     = {10.1109/TBME.2015.2412533}
}

@Article{Garny2010Toward,
  author  = {Garny, A. and Cooper, J. and Hunter, P.J.},
  title   = {{Toward a VPH/physiome toolkit}},
  journal = {Wiley Interdiscip Rev Syst Biol Med},
  year    = {2010},
  volume  = {2},
  number  = {2},
  pages   = {134--147},
  doi     = {10.1002/wsbm.63}
}

@Article{Gavaghan2012Bidomain,
  author  = {Bordas, R. M. and Gillow, K. and Gavaghan, D. and Rodriguez, B. and Kay, D.},
  title   = {{A bidomain model of the ventricular specialized conduction system of the heart}},
  journal = {SIAM J. Appl. Math},
  year    = {2012},
  volume  = {72},
  number  = {5},
  pages   = {1618--1643},
  doi     = {10.1137/11082796X}
}

@Article{Gima2002Ionic,
  author  = {Gima, K. and Rudy, Y.},
  title   = {{Ionic current basis of electrocardiographic waveforms}},
  journal = {Circ Res},
  year    = {2002},
  volume  = {90},
  pages   = {889--896},
  doi     = {10.1161/01.RES.0000016960.61087.86}
}

@article{Godwin2017Extended,
  author  = {Godwin, S. and Ward, D. and Pedone, E. and Homer, M. and Fletcher, A.G. and Marucci, L.},
  title   = {{An extended model for culture-dependent heterogenous gene expression and proliferation dynamics in mouse embryonic stem cells}},
  journal = {NPJ Syst Biol Appl},
  year    = {2017},
  volume  = {3},
  number  = {1},
  pages   = {19},
  doi     = {10.1038/s41540-017-0020-5}
}

@Article{Graner1992Simulation,
  author  = {Graner, F. and Glazier, J.A.},
  title   = {{Simulation of biological cell sorting using a two-dimensional extended Potts model}},
  journal = {Phys Rev Lett},
  year    = {1992},
  volume  = {69},
  pages   = {2013--2016},
  doi     = {10.1103/PhysRevLett.69.2013}
}

@Article{Grogan2017Predicting,
  author  = {Grogan, J.A. and Markelc, B. and Connor, A.J. and Muschel, R.J. and Pitt-Francis, J.M. and Maini, P.K. and Byrne, H.M.},
  title   = {{Predicting the influence of microvascular structure on tumor response to radiotherapy}},
  journal = {IEEE Trans Biomed Eng},
  year    = {2017},
  volume  = {64},
  number  = {3},
  pages   = {504--511},
  doi     = {10.1109/TBME.2016.2606563}
}

@Article{Grogan2017Microvessel,
  author  = {Grogan, J.A. and Connor, A.J. and Markelc, B. and Muschel, R.J. and Maini, P.K. and Byrne, H.M. and Pitt-Francis, J.M.},
  title   = {{Microvessel chaste: an open library for spatial modeling of vascularized tissues}},
  journal = {Biophys J},
  year    = {2017},
  volume  = {112},
  number  = {9},
  pages   = {1767--1772},
  doi     = {10.1016/j.bpj.2017.03.036}
}

@Article{Grogan2018Importance,
  author  = {Grogan, J.A. and Connor, A.J. and Pitt-Francis, J.M. and Maini, P.K. and Byrne, H.M.},
  title   = {{The importance of geometry in the corneal micropocket angiogenesis assay}},
  journal = {PLoS Comput Biol},
  year    = {2018},
  volume  = {14},
  number  = {3},
  pages   = {e1006049},
  doi     = {10.1371/journal.pcbi.1006049}
}

@article{gurev2015high,
  title={A high-resolution computational model of the deforming human heart},
  author={Gurev, Viatcheslav and Pathmanathan, Pras and Fattebert, Jean-Luc and Wen, Hui-Fang and Magerlein, John and Gray, Richard A and Richards, David F and Rice, J Jeremy},
  journal={Biomechanics and modeling in mechanobiology},
  volume={14},
  number={4},
  pages={829--849},
  year={2015},
  publisher={Springer},
  doi={10.1007/s10237-014-0639-8}
}


@Article{Harvey2015Parallel,
  author  = {Harvey, D.G. and Fletcher, A.G. and Osborne, J.M. and Pitt-Francis, J.},
  title   = {{A parallel implementation of an off-lattice individual-based model of multicellular populations}},
  journal = {Comput Phys Commun},
  year    = {2015},
  volume  = {192},
  pages   = {130--137},
  doi     = {10.1016/j.cpc.2015.03.005}
}

@Article{Hill2016Computational,
  author  = {Hill, A.P. and Perry, M.D. and Abi-Gerges, N. and Couderc, J.-P. and Fermini, B. and Hancox, J.C. and Knollmann, B.C. and Mirams, G.R. and Skinner, J. and Zareba, W. and Vandenberg, J.I.},
  title   = {{Computational cardiology and risk stratification for sudden cardiac death: one of the grand challenges for cardiology in the 21st century}},
  journal = {J Physiol},
  year    = {2016},
  doi     = {10.1113/JP272015}
}

@Article{Hindmarsh2005SUNDIALS,
  author  = {Hindmarsh, A.C. and Brown, P.N. and Grant, K.E. and Lee, S.L. and Serban, R. and Shumaker, D.E. and Woodward, C.S.},
  title   = {{SUNDIALS: Suite of nonlinear and differential/algebraic equation solvers}},
  journal = {ACM Trans Math Software},
  year    = {2005},
  volume  = {31},
  pages   = {363--396},
  doi     = {10.1145/1089014.1089020}
}

@Article{Honda1980How,
  author  = {Honda, H. and Eguchi, G.},
  title   = {{How much does the cell boundary contract in a monolayered cell sheet?}},
  journal = {J Theor Biol},
  year    = {1980},
  volume  = {84},
  pages   = {575--588},
  doi     = {10.1016/S0022-5193(80)80021-X}
}

@Article{Hu2014Epidermal,
  author  = {Hu, S. and Cucinotta, F.A.},
  title   = {{Epidermal homeostasis and radiation responses in a multiscale tissue modeling framework}},
  journal = {Integr Biol},
  year    = {2014},
  volume  = {6},
  number  = {1},
  pages   = {76--89},
  doi     = {10.1039/C3IB40141C}
}

@Article{Johnstone2016Uncertainty,
  author  = {Johnstone, R.H. and Chang, E.T.Y. and Bardenet, R. and De Boer, T.P. and Gavaghan, D.J. and Pathmanathan, P. and Clayton, R.H. and Mirams, G.R.},
  title   = {{Uncertainty and variability in models of the cardiac action potential: Can we build trustworthy models?}},
  journal = {J Mol Cell Cardiol},
  year    = {2016},
  volume  = {96},
  pages   = {49--62},
  doi     = {10.1016/j.yjmcc.2015.11.018}
}

@Article{Koke2014Computational,
  author  = {Koke, C. and Kanesaki, T. and Grosshans, J. and Schwarz, U.S. and Dunlop, C.M.},
  title   = {{A computational model of nuclear self-organisation in syncytial embryos}},
  journal = {J Theor Biol},
  year    = {2014},
  volume  = {359},
  pages   = {92--100},
  doi     = {10.1016/j.jtbi.2014.06.001}
}

@Article{Kursawe2015Capabilities,
  author  = {Kursawe, J. and Brodskiy, P.A. and Zartman, J.J. and Baker, R.E. and Fletcher, A.G.},
  title   = {{Capabilities and limitations of tissue size control through passive mechanical forces}},
  journal = {PLoS Comput Biol},
  year    = {2015},
  volume  = {11},
  number  = {12},
  pages   = {e1004679},
  doi     = {10.1371/journal.pcbi.1004679}
}

@Article{Kursawe2017Impact,
  author  = {Kursawe, J. and Baker, R.E. and Fletcher, A.G.},
  title   = {{Impact of implementation choices on quantitative predictions of cell-based computational models}},
  journal = {J Comput Phys},
  year    = {2017},
  volume  = {345},
  pages   = {752--767},
  doi     = {10.1016/j.jcp.2017.05.048}
}

@Article{Kursawe2018Approximate,
  author  = {Kursawe, J. and Baker, R.E. and Fletcher, A.G.},
  title   = {{Approximate Bayesian computation reveals the importance of repeated measurements for parameterising cell-based models of growing tissues}},
  journal = {J Theor Biol},
  year    = {2018},
  volume  = {443},
  pages   = {66--81},
  doi     = {10.1016/j.jtbi.2018.01.020}
}

@Article{Langham2018Modeling,
  author  = {Langham, J. and Bense, H. and Barkley, D.},
  title   = {{Modeling shape selection of buckled dielectric elastomers}},
  journal = {J Appl Phys},
  year    = {2018},
  volume  = {123},
  number  = {6},
  pages   = {065102},
  doi     = {10.1063/1.5012848}
}

@Article{Lekadir2014Effect,
  author  = {Lekadir, K. and Pashaei, A. and Hoogendoorn, C. and Pereanez, M. and Alb{\`a}, X. and Frangi, A.F.},
  title   = {{Effect of statistically derived fiber models on the estimation of cardiac electrical activation}},
  journal = {IEEE Trans Biomed Eng},
  year    = {2014},
  volume  = {61},
  number  = {11},
  pages   = {2740--2748},
  doi     = {10.1109/TBME.2014.2327025}
}

@Article{Lekadir2016Statistically,
  author  = {Lekadir, K. and Lange, M. and Zimmer, V.A. and Hoogendoorn, C. and Frangi, A.F.},
  title   = {{Statistically-driven 3D fiber reconstruction and denoising from multi-slice cardiac DTI using a Markov random field model}},
  journal = {Med Image Anal},
  year    = {2016},
  volume  = {27},
  pages   = {105--116},
  doi     = {10.1016/j.media.2015.03.006}
}

@Article{Lim2018Role,
  author  = {Lim, H. and Cun, W. and Wang, Y. and Gray, R.A. and Glimm, J.},
  title   = {{The role of conductivity discontinuities in design of cardiac defibrillation}},
  journal = {Chaos},
  year    = {2018},
  volume  = {28},
  number  = {1},
  pages   = {013106},
  doi     = {10.1063/1.5019367}
}

@article{Lyon2018,
	author = {Lyon, Aurore and Bueno-Orovio, Alfonso and Zacur, Ernesto and Ariga, Rina and Grau, Vicente and Neubauer, Stefan and Watkins, Hugh and Rodriguez, Blanca and Minchol{\'{e}}, Ana},
	doi = {10.1093/europace/euy226},
	issn = {1099-5129},
	journal = {EP Europace},
	keywords = {Cardiac magnetic resonance imaging,Computer modelling,Electrocardiography,Hypertrophic cardiomyopathy,Personalized simulations},
	month = {nov},
	number = {suppl{\_}3},
	pages = {iii102--iii112},
	title = {{Electrocardiogram phenotypes in hypertrophic cardiomyopathy caused by distinct mechanisms: apico-basal repolarization gradients vs. Purkinje-myocardial coupling abnormalities}},
	url = {https://academic.oup.com/europace/article/20/suppl{\_}3/iii102/5202143},
	volume = {20},
	year = {2018}
}


@Article{Mahoney2016Connexin43,
  author  = {Mahoney, V.M. and Mezzano, V. and Mirams, G.R. and Maass, K. and Li, Z. and Cerrone, M. and Vasquez, C. and Bapat, A. and Delmar, M. and Morley, G.E.},
  title   = {{Connexin43 contributes to electrotonic conduction across scar tissue in the intact heart}},
  journal = {Sci Rep},
  year    = {2016},
  volume  = {6},
  pages   = {26744},
  doi     = {10.1038/srep26744},
}

@MastersThesis{Marsh2012Assessment,
  author = {Marsh, M.E.},
  title  = {An assessment of numerical methods for cardiac simulation},
  school = {University of Saskatchewan},
  year   = {2012},
  month  = {Jan},
}

@article{Marsh2012Secrets,
  title={The secrets to the success of the Rush--Larsen method and its generalizations},
  author={Marsh, Megan E and Ziaratgahi, Saeed Torabi and Spiteri, Raymond J},
  journal={IEEE Transactions on Biomedical Engineering},
  volume={59},
  number={9},
  pages={2506--2515},
  year={2012},
  publisher={IEEE},
  doi={10.1109/TBME.2012.2205575}
}


@article{McMillan2017,
	abstract = {A method of predicting drug-induced Torsade de Pointes risk based on the occurrence of simulated early after depolarisations.},
	author = {McMillan, B. and Gavaghan, D.J. and Mirams, G.R.},
	doi = {10.1039/C7TX00141J},
	issn = {2045-452X},
	journal = {Toxicology Research},
	number = {6},
	pages = {912--921},
	title = {{Early afterdepolarisation tendency as a simulated pro-arrhythmic risk indicator}},
	url = {http://xlink.rsc.org/?DOI=C7TX00141J},
	volume = {6},
	year = {2017}
}


@Article{Meineke2001Cell,
  author  = {Meineke, F. and Potten, C.S. and Loeffler, M.},
  title   = {{Cell migration and organization in the intestinal crypt using a lattice-free model}},
  journal = {Cell Prolif},
  year    = {2001},
  volume  = {34},
  number  = {4},
  pages   = {253-266},
  doi     = {10.1046/j.0960-7722.2001.00216.x}
}

@Article{Mirams2011Is,
  author  = {Mirams, G.R. and Noble, D.},
  title   = {{Is it time for in silico simulation of drug cardiac side effects?}},
  journal = {Ann N Y Acad Sci},
  year    = {2011},
  volume  = {1245},
  pages   = {44--47},
  doi     = {10.1111/j.1749-6632.2011.06324.x}
}

@Article{Mirams2011Simulation,
  author  = {Mirams, G.R. and Cui, Y. and Sher, A. and Fink, M. and Cooper, J. and Heath, B.M. and McMahon, N.C. and Gavaghan, D.J. and Noble, D.},
  title   = {{Simulation of multiple ion channel block provides improved early prediction of compounds' clinical torsadogenic risk}},
  journal = {Cardiovasc Res},
  year    = {2011},
  volume  = {91},
  pages   = {53--61},
  doi     = {10.1093/cvr/cvr044}
}

@Article{Mirams2012Application,
  author  = {Mirams, G.R. and Davies, M.R. and Cui, Y. and Kohl, P. and Noble, D.},
  title   = {{Application of cardiac electrophysiology simulations to pro-arrhythmic safety testing}},
  journal = {Br J Pharmacol},
  year    = {2012},
  volume  = {167},
  number  = {5},
  pages   = {932--945},
  doi     = {10.1111/j.1476-5381.2012.02020.x}
}

@Article{Mirams2012Theoretical,
  author  = {Mirams, G.R. and Fletcher, A.G. and Maini, P.K. and Bryne, H.M.},
  title   = {{A theoretical investigation of the effect of proliferation and adhesion on monoclonal conversion in the colonic crypt}},
  journal = {J Theor Biol},
  year    = {2012},
  volume  = {312},
  pages   = {143--156},
  doi     = {10.1016/j.jtbi.2012.08.002}
}

@Article{Mirams2013Chaste,
  author  = {Mirams, G.R. and Arthurs, C.J. and Bernabeu, M.O. and Bordas, R. and Cooper, J. and Corrias, A. and Davit, Y. and Dunn, S.-J. and Fletcher, A.G. and Harvey, D.G. and Marsh, M.E. and Osborne, J.M. and Pathmanathan, P. and Pitt-Francis, J. and Southern, J. and Zemzemi, N. and Gavaghan, D.J.},
  title   = {{Chaste: an open source C++ library for computational physiology and biology}},
  journal = {PLoS Comput Biol},
  year    = {2013},
  volume  = {9},
  pages   = {e1002970},
  doi     = {10.1371/journal.pcbi.1002970}
}

@Article{Mirams2014Prediction,
  author  = {Mirams, G.R. and Davies, M.R. and Brough, S.J. and Bridgland-Taylor, M.H. and Cui, Y. and Gavaghan, D.J. and Abi-Gerges, N.},
  title   = {{Prediction of thorough QT study results using action potential simulations based on ion channel screens}},
  journal = {J Pharmacol Toxicol Methods},
  year    = {2014},
  volume  = {70},
  number  = {3},
  pages   = {246--254},
  doi     = {10.1016/j.vascn.2014.07.002}
}

@Article{Mirams2016White,
  author  = {Mirams, G.R. and Pathmanathan, P. and Gray, R.A. and Challenor, P. and Clayton, R.H.},
  title   = {{Uncertainty and variability in computational and mathematical models of cardiac physiology}},
  journal = {J Physiol},
  year    = {2016},
  doi     = {10.1113/JP271671}
}

@Article{Moreira2002Cellular,
  author  = {Moreira, J. and Deutsch, A.},
  title   = {{Cellular automaton models of tumor development: a critical review}},
  journal = {Adv Complex Syst},
  year    = {2002},
  volume  = {5},
  pages   = {247--268},
  doi     = {10.1088/1478-3975/8/1/015017}
}

@Article{Moreno2015New,
  author  = {Moreno, C. and Oliveras, A. and de la Cruz, A. and Bartolucci, C. and Mu{\~n}oz, C. and Salar, E. and Gimeno, J.R. and Severi, S. and Comes, N. and Felipe, A. and Gonzalez, T. and Lambiase, P. and Valenzuela, C.},
  title   = {{A new KCNQ1 mutation at the S5 segment that impairs its association with KCNE1 is responsible for short QT syndrome}},
  journal = {Cardiovasc Res},
  year    = {2015},
  pages   = {cvv196},
  doi     = {10.1093/cvr/cvv196}
}

@Article{Motrescu2012Simulations,
  author  = {Motrescu, C.V. and Klinkenbusch, L.},
  title   = {{Simulations of magnetocardiographic signals using realistic geometry models of the heart and torso}},
  journal = {Adv Radio Sci},
  year    = {2012},
  volume  = {10},
  pages   = {85--91},
  doi     = {10.5194/ars-10-85-2012}
}

@Article{Muraro2018TNF,
  author  = {Muraro, D. and Parker, A. and Vaux, L. and Filippi, S. and Almet, A.A. and Fletcher, A.G. and Watson, A.J.M. and Pin, C. and Maini, P.K. and Byrne, H.M.},
  title   = {{Chronic TNF$\alpha$-driven injury delays cell migration to villi in the intestinal epithelium}},
  journal = {J R Soc Interface},
  year    = {2018},
  volume  = {15},
  number  = {145},
  pages   = {20180037},
  doi     = {10.1098/rsif.2018.0037}
}

@Book{Murray2003Mathematical,
  title     = {Mathematical Biology II: Spatial Models and Biomedical Applications (Third Edition)},
  publisher = {Springer},
  year      = {2003},
  author    = {Murray, J.D.}
}

@Article{Murray2009Discrete,
  author  = {Murray, P.J. and Edwards, C.M. and Tindall, M.J. and Maini, P.K.},
  title   = {{From a discrete to a continuum model of cell dynamics in one dimension}},
  journal = {Phys Rev E},
  year    = {2009},
  volume  = {80},
  number  = {3},
  pages   = {031912},
  doi     = {10.1103/PhysRevE.80.031912}
}

@Article{Murray2010Modelling,
  author  = {Murray, P.J. and Kang, J.W. and Mirams, G.R. and Shin, S.Y. and Byrne, H.M. and Maini, P.K. and Cho, K.H.},
  title   = {{Modelling spatially regulated $\beta$-catenin dynamics and invasion in intestinal crypts}},
  journal = {Biophys J},
  year    = {2010},
  volume  = {99},
  number  = {3},
  pages   = {716--725},
  doi     = {10.1016/j.bpj.2010.05.016},
}

@Article{Murray2011Comparing,
  title   = {{Comparing a discrete and continuum model of the intestinal crypt},
  author  = {Murray, P.J. and Walter, A. and Fletcher, A.G. and Edwards, C.M. and Tindall, M.J. and Maini, P.K.}},
  journal = {Phys Biol},
  volume  = {8},
  number  = {2},
  pages   = {026011},
  year    = {2011},
  doi     = {10.1088/1478-3975/8/2/026011}
}

@article{Muszkiewicz2018,
	author = {Muszkiewicz, Anna and Liu, Xing and Bueno-Orovio, Alfonso and Lawson, Brodie A. J. and Burrage, Kevin and Casadei, Barbara and Rodriguez, Blanca},
	doi = {10.1152/ajpheart.00477.2017},
	issn = {0363-6135},
	journal = {American Journal of Physiology-Heart and Circulatory Physiology},
	month = {may},
	number = {5},
	pages = {H895--H916},
	title = {{From ionic to cellular variability in human atrial myocytes: an integrative computational and experimental study}},
	url = {https://www.physiology.org/doi/10.1152/ajpheart.00477.2017},
	volume = {314},
	year = {2018}
}


@Article{Nagai2001Dynamic,
  author  = {Nagai, T. and Honda, H.},
  title   = {{A dynamic cell model for the formation of epithelial tissues}},
  journal = {Philos Mag B},
  year    = {2001},
  volume  = {81},
  number  = {7},
  pages   = {699--719},
  doi     = {10.1080/13642810108205772}
}

@Article{Nelson2014STI-GMaS,
  author  = {Nelson, M.R. and Sutton, K.J. and Brook, B.S. and Mallet, D.G. and Simpson, D.P. and Rank, R.G.},
  title   = {{STI-GMaS: an open-source environment for simulation of sexually-transmitted infections}},
  journal = {BMC Syst Biol},
  year    = {2014},
  volume  = {8},
  number  = {1},
  pages   = {1},
  doi     = {10.1186/1752-0509-8-66}
}

@Article{Niederer2011Verification,
  author  = {Niederer, S.A. and Kerfoot, E. and Benson, A.P. and Bernabeu, M.O. and Bernus, O. and Bradley, C. and Cherry, E.M. and Clayton, R. and Fenton, F.H. and Garny, A. and Heidenreich, E. and Land, S. and Maleckar, M. and Pathmanathan, P. and Plank, G. and Rodríguez, J.F. and Roy, I. and Sachse, F.B. and Seemann, G. and Skavhaug, O. and Smith, N.P.},
  title   = {{Verification of cardiac tissue electrophysiology simulators using an N-version benchmark}},
  journal = {Philos. Trans. R. Soc. A},
  year    = {2011},
  volume  = {369},
  number  = {1954},
  pages   = {4331--4351},
  doi     = {10.1098/rsta.2011.0139}
}

@Article{Osborne2010Hybrid,
  author  = {Osborne, J.M. and Walter, A. and Kershaw, S.K. and Mirams, G.R. and Fletcher, A.G. and Pathmanathan, P. and Gavaghan, D.J. and Jensen, O.E. and Maini, P.K. and Byrne, H.M.},
  title   = {{A hybrid approach to multi-scale modelling of cancer}},
  journal = {Philos. Trans. R. Soc. A},
  year    = {2010},
  volume  = {368},
  pages   = {5013--5028},
  doi     = {10.1098/rsta.2010.0173}
}

@Article{Osborne2015Multiscale,
  author  = {Osborne, J.M.},
  title   = {{Multiscale model of colorectal cancer using the cellular Potts framework}},
  journal = {Cancer Inform},
  year    = {2015},
  volume  = {14},
  number  = {Suppl 4},
  pages   = {83},
  doi     = {10.4137/CIN.S19332}
}

@Article{Osborne2017Comparing,
  author  = {Osborne, J.M. and Fletcher, A.G. and Pitt-Francis, J.M. and Maini, P.K. and Gavaghan, D.J.},
  title   = {{Comparing individual-based approaches to modelling the self-organization of multicellular tissues}},
  journal = {PLoS Comput Biol},
  year    = {2017},
  volume  = {13},
  number  = {2},
  pages   = {1--34},
  doi     = {10.1371/journal.pcbi.1005387}
}

@InProceedings{Passini2013Computational,
  author       = {Passini, E. and Pellegrini, A. and Caiani, E. and Severi, S.},
  title        = {Computational analysis of head-down bed rest effects on cardiac action potential duration},
  booktitle    = {Computing in Cardiology},
  year         = {2013},
  pages        = {357--360},
  organization = {IEEE}
}

@InProceedings{Passini2014Late,
  author       = {Passini, E. and Rodriguez, B. and Minchol{\'e}, A. and Coppini, R. and Cerbai, E. and Severi, S. and Bueno-Orovio, A.},
  title        = {Late sodium current inhibition counteracts pro-arrhythmic mechanisms in human hypertrophic cardiomyopathy},
  booktitle    = {Computing in Cardiology},
  year         = {2014},
  pages        = {861--864},
  organization = {IEEE}
}

@article{Passini2016,
	author = {Passini, Elisa and Minchol{\'{e}}, Ana and Coppini, Raffaele and Cerbai, Elisabetta and Rodriguez, Blanca and Severi, Stefano and Bueno-Orovio, Alfonso},
	doi = {10.1016/j.yjmcc.2015.09.003},
	issn = {10958584},
	journal = {Journal of Molecular and Cellular Cardiology},
	keywords = {Hypertrophic cardiomyopathy,In silico drug testing,Inter-subject variability,Pro-arrhythmic mechanisms,Repolarization reserve},
	pages = {72--81},
	publisher = {The Authors},
	title = {{Mechanisms of pro-arrhythmic abnormalities in ventricular repolarisation and anti-arrhythmic therapies in human hypertrophic cardiomyopathy}},
	url = {http://dx.doi.org/10.1016/j.yjmcc.2015.09.003},
	volume = {96},
	year = {2016}
}


@article{passini2017human,
  title={Human in silico drug trials demonstrate higher accuracy than animal models in predicting clinical pro-arrhythmic cardiotoxicity},
  author={Passini, Elisa and Britton, Oliver J and Lu, Hua Rong and Rohrbacher, Jutta and Hermans, An N and Gallacher, David J and Greig, Robert JH and Bueno-Orovio, Alfonso and Rodriguez, Blanca},
  journal={Frontiers in physiology},
  volume={8},
  pages={668},
  year={2017},
  publisher={Frontiers},
  doi={10.3389/fphys.2017.00668}
}


@Article{Pathmanathan2009Computational,
  author  = {Pathmanathan, P. and Cooper, J. and Fletcher, A.G. and Mirams, G.R. and Murray, P.J. and Osborne, J. and Pitt-Francis, J. and Walter, A. and Chapman, S.J.},
  title   = {{A computational study of discrete mechanical tissue models}},
  journal = {Phys Biol},
  year    = {2009},
  volume  = {6},
  pages   = {036001},
  doi     = {10.1088/1478-3975/6/3/036001}
}

@Article{Pathmanathan2009Numerical,
  author  = {Pathmanathan, P. and Whiteley, J.P.},
  title   = {{A numerical method for cardiac mechanoelectric simulations}},
  journal = {Ann Biomed Eng},
  year    = {2009},
  volume  = {37},
  number  = {5},
  pages   = {860--873},
  doi     = {10.1007/s10439-009-9663-8}
}

@Article{Pathmanathan2010Cardiac,
  author  = {Pathmanathan, P. and Chapman, S.J. and Gavaghan, D.J. and Whiteley, J.P.},
  title   = {{Cardiac electromechanics: the effect of contraction model on the mathematical problem and accuracy of the numerical scheme}},
  journal = {Quart J Mech Appl Math},
  year    = {2010},
  pages   = {hbq014},
  doi     = {10.1093/qjmam/hbq014}
}

@Article{Pathmanathan2010Numerical,
  author  = {Pathmanathan, P. and Bernabeu, M. and Bordas, R. and Cooper, J. and Garny, A. and Pitt-Francis, J.M. and Whiteley, J.P. and Gavaghan, D.J.},
  title   = {{A numerical guide to the solution of the bidomain equations of cardiac electrophysiology}},
  journal = {Prog Biophys Mol Biol},
  year    = {2010},
  volume  = {102},
  pages   = {136--155},
  doi     = {10.1016/j.pbiomolbio.2010.05.006}
}

@Article{Pathmanathan2011Computational,
  author  = {Pathmanathan, P. and Bernabeu, M.O. and Niederer, S.A. and Gavaghan, D.J. and Kay, D.},
  title   = {{Computational modelling of cardiac electrophysiology: explanation of the variability of results from different numerical solvers}},
  journal = {Int J Numer Methods Biomed Eng},
  year    = {2011},
  doi     = {10.1002/cnm.2467}
}

@Article{Pathmanathan2011Significant,
  author  = {Pathmanathan, P. and Mirams, G.R. and Southern, J. and Whiteley, J.},
  title   = {{The significant effect of the choice of ionic current integration method in cardiac electro-physiological simulations}},
  journal = {Int J Numer Meth Biomed Eng},
  year    = {2011},
  volume  = {27},
  pages   = {1751--1770},
  doi     = {10.1002/cnm.1438}
}

@Article{Pathmanathan2012Computational,
  author  = {Pathmanathan, P. and Bernabeu, M.O. and Niederer, S.A. and Gavaghan, D.J. and Kay, D.},
  title   = {{Computational modelling of cardiac electrophysiology: explanation of the variability of results from different numerical solvers}},
  journal = {Int J Numer Meth Biomed Eng},
  year    = {2012},
  volume  = {28},
  number  = {8},
  pages   = {890--903},
  doi     = {10.1002/cnm.2467}
}

@Article{Pathmanathan2014Verification,
  author  = {Pathmanathan, P. and Gray, R.A.},
  title   = {{Verification of computational models of cardiac electro-physiology}},
  journal = {Int J Numer Meth Biomed Eng},
  year    = {2014},
  volume  = {30},
  number  = {5},
  pages   = {525--544},
  doi     = {10.1002/cnm.2615}
}

@article{Pathmanathan2015,
	author = {Pathmanathan, Pras and Gray, Richard A.},
	doi = {10.1155/2015/720575},
	issn = {2314-6133},
	journal = {BioMed Research International},
	pages = {720575},
	title = {{Filament Dynamics during Simulated Ventricular Fibrillation in a High-Resolution Rabbit Heart}},
	url = {http://www.hindawi.com/journals/bmri/2015/720575/},
	volume = {2015},
	year = {2015}
}


@Article{Perfahl2011Multiscale,
  author  = {Perfahl, H. and Byrne, H.M. and Chen, T. and Estrella, V. and Alarc{\'o}n, T. and Lapin, A. and Gatenby, R.A. and Gillies, R.J. and Lloyd, M.C. and Maini, P.K. and Reuss, M. and Owen, M.R.},
  title   = {{Multiscale modelling of vascular tumour growth in 3D: the roles of domain size and boundary conditions}},
  journal = {PLOS ONE},
  year    = {2011},
  volume  = {6},
  pages   = {e14790},
  doi     = {10.1371/journal.pone.0014790}
}

@Article{Pitt-Francis2008Chaste,
  author  = {Pitt-Francis, J. and Bernabeu, M.O. and Cooper, J. and Garny, A. and Momtahan, L. and Osborne, J. and Pathmanathan, P. and Rodr\'{i}guez, B. and Whiteley, J.P. and Gavaghan, D.J.},
  title   = {{Chaste: Using agile programming techniques to develop computational biology software}},
  journal = {Philos. Trans. R. Soc. A},
  year    = {2008},
  volume  = {366},
  pages   = {3111--3136},
  doi     = {10.1098/rsta.2008.0096}
}

@Article{Pitt-Francis2009Chaste,
  author  = {Pitt-Francis, J. and Pathmanathan, P. and Bernabeu, M.O. and Bordas, R. and Cooper, J. and Fletcher, A.G. and Mirams, G.R. and Murray, P. and Osborne, J.M. and Walter, A. and Chapman, S.J. and Garny, A. and {van Leeuwen}, I.M.M. and Maini, P.K. and Rodr{\'\i}guez, B. and Waters, S.L. and Whiteley, J.P. and Byrne, H.M. and Gavaghan, D.J.},
  title   = {{Chaste: A test-driven approach to software development for biological modelling}},
  journal = {Comput Phys Commun},
  year    = {2009},
  volume  = {180},
  number  = {12},
  pages   = {2452-2471},
  doi     = {10.1016/j.cpc.2009.07.019}
}

@Article{Pueyo2011Multiscale,
  author  = {Pueyo, E. and Corrias, A. and Vir{\'a}g, L. and Jost, N. and Sz{\'e}l, T. and Varr{\'o}, A. and Szentandr{\'a}ssy, N. and N{\'a}n{\'a}si, P.P. and Burrage, K. and Rodr{\'\i}guez, B.},
  title   = {{A multiscale investigation of repolarization variability and its role in cardiac arrhythmogenesis}},
  journal = {Biophys J},
  year    = {2011},
  volume  = {101},
  number  = {12},
  pages   = {2892--2902},
  doi     = {10.1016/j.bpj.2011.09.060},
}

@article{Reilly2016,
	author = {Reilly, Svetlana N. and Liu, Xing and Carnicer, Ricardo and Recalde, Alice and Muszkiewicz, Anna and Jayaram, Raja and Carena, Maria Cristina and Wijesurendra, Rohan and Stefanini, Matilde and Surdo, Nicoletta C. and Lomas, Oliver and Ratnatunga, Chandana and Sayeed, Rana and Krasopoulos, George and Rajakumar, Timothy and Bueno-Orovio, Alfonso and Verheule, Sander and Fulga, Tudor A. and Rodriguez, Blanca and Schotten, Ulrich and Casadei, Barbara},
	doi = {10.1126/scitranslmed.aac4296},
	file = {:Users/garmir/Downloads/emss-69566.pdf:pdf},
	issn = {1946-6234},
	journal = {Science Translational Medicine},
	month = {may},
	number = {340},
	pages = {340ra74--340ra74},
	title = {{Up-regulation of miR-31 in human atrial fibrillation begets the arrhythmia by depleting dystrophin and neuronal nitric oxide synthase}},
	url = {http://stm.sciencemag.org/lookup/doi/10.1126/scitranslmed.aac4296},
	volume = {8},
	year = {2016}
}


@Article{Rodriguez2010Systems,
  author  = {Rodriguez, B. and Burrage, K. and Gavaghan, D. and Grau, V. and Kohl, P. and Noble, D.},
  title   = {{The systems biology approach to drug development: application to toxicity assessment of cardiac drugs}},
  journal = {Clin Pharmacol Ther},
  year    = {2010},
  volume  = {88},
  number  = {1},
  pages   = {130--134},
  doi     = {10.1038/clpt.2010.95}
}

@Article{Rubinacci2015Cognac,
  author  = {Rubinacci, S. and Graudenzi, A. and Caravagna, G. and Mauri, G. and Osborne, J. and Pitt-Francis, J. and Antoniotti, M.},
  title   = {{CoGNaC: a Chaste plugin for the multiscale simulation of gene regulatory networks driving the spatial dynamics of tissues and cancer}},
  journal = {Cancer Inform},
  year    = {2015},
  volume  = {14},
  number  = {Suppl 4},
  pages   = {53},
  doi     = {10.4137/CIN.S19965}
}

@Article{Sadrieh2014Multiscale,
  author  = {Sadrieh, Arash and Domanski, Luke and Pitt-Francis, Joe and Mann, Stefan A and Hodkinson, Emily C and Ng, Chai-Ann and Perry, Matthew D and Taylor, John A and Gavaghan, David and Subbiah, Rajesh N and others},
  title   = {{Multiscale cardiac modelling reveals the origins of notched T waves in long QT syndrome type 2}},
  journal = {Nat Commun},
  year    = {2014},
  volume  = {5},
  doi     = {10.1038/ncomms6069}
}

@Article{Samanta2015Ca,
  author  = {Samanta, K. and Kar, P. and Mirams, G.R. and Parekh, A.B.},
  title   = {{Ca2+ channel re-localization to plasma-membrane microdomains strengthens activation of Ca2+-dependent nuclear gene expression}},
  journal = {Cell Rep},
  year    = {2015},
  volume  = {12},
  number  = {2},
  pages   = {203--216},
  doi     = {10.1016/j.celrep.2015.06.018}
}

@Article{Sanchez2011Na,
  author  = {S{\'a}nchez, C. and Corrias, A. and Bueno-Orovio, A. and Davies, M.R. and Swinton, J. and Jacobson, I. and Laguna, P. and Pueyo, E. and Rodr{\'\i}guez, B.},
  title   = {{The Na+/K+ pump is an important modulator of refractoriness and rotor dynamics in human atrial tissue}},
  journal = {Am J Physiol Heart Circ Physiol},
  year    = {2011},
  pages   = {ajpheart--00668},
  doi     = {10.1152/ajpheart.00668.2011}
}

@Article{Sanders2006Interstitial,
  author  = {Sanders, K.M. and Koh, S.D. and Ward, S.M.},
  title   = {{Interstitial cells of Cajal as pacemakers in the gastrointestinal tract}},
  journal = {Annu Rev Physiol},
  year    = {2006},
  volume  = {68},
  pages   = {307--343},
  doi     = {10.1146/annurev.physiol.68.040504.094718}
}

@Article{Sathar2014Biophysically,
  author  = {Sathar, S. and Trew, M.L. and Du, P. and O'Grady, G. and Cheng, L.K.},
  title   = {{A biophysically based finite-state machine model for analyzing gastric experimental entrainment and pacing recordings}},
  journal = {Ann Biomed Eng},
  year    = {2014},
  volume  = {42},
  number  = {4},
  pages   = {858--870},
  doi     = {10.1007/s10439-013-0949-5}
}

@InProceedings{Sathar2015Comparison,
  author       = {Sathar, S. and Cheng, L.K. and Trew, M.L.},
  title        = {A comparison of solver performance for complex gastric electrophysiology models},
  booktitle    = {37th Annual International Conference of the IEEE Engineering in Medicine and Biology Society (EMBC)},
  year         = {2015},
  pages        = {1452--1455},
  organization = {IEEE},
  doi          = {10.1109/EMBC.2015.7318643}
}

@Article{Sathar2015Multiscale,
  author  = {Sathar, S. and Trew, M.L. and O'Grady, G. and Cheng, L.K.},
  title   = {{A multiscale tridomain model for simulating bioelectric gastric pacing}},
  journal = {IEEE Trans Biomed Eng},
  year    = {2015},
  volume  = {62},
  number  = {11},
  pages   = {2685--2692},
  doi     = {10.1109/TBME.2015.2444384}
}

@InProceedings{Sathar2015Tissue,
  author    = {Sathar, S. and Trew, M.L. and Cheng, L.K.},
  title     = {Tissue specific simulations of interstitial cells of cajal networks using unstructured meshes},
  booktitle = {37th Annual International Conference of the IEEE Engineering in Medicine and Biology Society (EMBC)},
  year      = {2015},
  pages     = {8062--8065},
  doi       = {10.1109/EMBC.2015.7320264}
}

@Article{Schnakenberg1979Simple,
  author  = {Schnakenberg, J.},
  title   = {{Simple chemical reaction systems with limit cycle behaviour}},
  journal = {J Theor Biol},
  year    = {1979},
  volume  = {81},
  number  = {3},
  pages   = {389--400},
  url     = {http://www.ncbi.nlm.nih.gov/pubmed/537379},
  doi     = {10.1016/0022-5193(79)90042-0}
}

@Article{Slaymaker2012Infrastructure,
  author  = {Slaymaker, M. and Osborne, J. and Simpson, A. and Gavaghan, D.},
  title   = {{On an infrastructure to support sharing and aggregating pre-and post-publication systems biology research data}},
  journal = {Systems and Synthetic Biology},
  year    = {2012},
  volume  = {6},
  number  = {1-2},
  pages   = {35--49},
  doi     = {10.1007/s11693-012-9095-x}
}

@Article{soares2017evaluation,
	title={The evaluation of frequency dependence of resistance using a patient-specific 3D physical model and a computational model},
	author={Soares, Marcia and Owers-Bradley, John and Foy, Brody and Kay, David and Siddiqui, Salman},
	year={2017},
	publisher={European Respiratory Society},
	volume={50},
	doi={10.1183/1393003.congress-2017.PA2476},
	pages={PA2476},
}

@Article{Southern2010Simulating,
  author  = {Southern, J. and Gorman, G.J. and Piggott, MD and Farrell, P.E. and Bernabeu, M.O. and Pitt-Francis, J.},
  title   = {{Simulating cardiac electrophysiology using anisotropic mesh adaptivity}},
  journal = {J Comput Sci},
  year    = {2010},
  volume  = {1},
  number  = {2},
  pages   = {82--88},
  doi     = {10.1016/j.jocs.2010.03.010}
}

@Article{Southern2012Parallel,
  author  = {Southern, J. and Gorman, G.J. and Piggott, M.D. and Farrell, P.E.},
  title   = {{Parallel anisotropic mesh adaptivity with dynamic load balancing for cardiac electrophysiology}},
  journal = {J Comput Sci},
  year    = {2012},
  volume  = {3},
  number  = {1},
  pages   = {8--16},
  doi     = {10.1016/j.jocs.2011.11.002}
}

@Article{tenTusscher2006Alternans,
  author  = {{ten Tusscher}, K.H. and Panfilov, A.V.},
  title   = {{Alternans and spiral breakup in a human ventricular tissue model}},
  journal = {Am J Physiol Heart Circ Physiol},
  year    = {2006},
  volume  = {291},
  number  = {3},
  pages   = {H1088-100},
  doi     = {10.1152/ajpheart.00109.2006}
}

@Article{Tetley2016Unipolar,
  author  = {Tetley, R.J. and Blanchard, G.B. and Fletcher, A.G. and Adams, R.J. and Sanson, B.},
  title   = {{Unipolar distributions of junctional Myosin II identify cell stripe boundaries that drive cell intercalation throughout Drosophila axis extension}},
  journal = {eLife},
  year    = {2016},
  volume  = {5},
  pages   = {e12094},
  doi     = {10.7554/eLife.12094}
}

@Article{Turing1952Chemical,
  author  = {Turing, A.},
  title   = {{The chemical basis of morphogenesis}},
  journal = {Philos. Trans. R. Soc. B},
  year    = {1952},
  volume  = {237},
  number  = {641},
  pages   = {37--72}
}

@Article{VanLeeuwen2009Integrative,
  author  = {van Leeuwen, I.M.M. and Mirams, G.R. and Walter, A. and Fletcher, A. and Murray, P. and Osborne, J. and Varma, S. and Young, S.J. and Cooper, J. and Doyle, B. and  Pitt-Francis, J. and Momtahan, L. and Pathmanathan, P. and Whiteley, J.P. and Chapman, S.J. and Gavaghan, D.J. and Jensen, O.E. and King, J.R. and Maini, P.K. and Waters, S.L. and Byrne, H.M.},
  title   = {{An integrative computational model for intestinal tissue renewal}},
  journal = {Cell Prolif},
  year    = {2009},
  volume  = {42},
  number  = {5},
  pages   = {617--636},
  doi     = {10.1111/j.1365-2184.2009.00627.x}
}

@Article{Waites2018Information,
  author  = {Waites, W. and Cavaliere, M. and Cachat, É. and Danos, V. and Davies, J.A.},
  title   = {{An information-theoretic measure for patterning in epithelial tissues}},
  journal = {IEEE Access},
  year    = {2018},
  volume  = {6},
  pages   = {40302--40312},
  doi     = {/10.1109/ACCESS.2018.2853624}
}

@InProceedings{Wallman2011Estimation,
  author       = {Wallman, M. and Smith, N. and Rodriguez, B.},
  title        = {Estimation of activation times in cardiac tissue using graph based methods},
  booktitle    = {International Conference on Functional Imaging and Modeling of the Heart},
  year         = {2011},
  pages        = {71--79},
  organization = {Springer},
  doi          = {10.1007/978-3-642-21028-0_9}
}

@Article{Wallman2012Comparative,
  author  = {Wallman, M. and Smith, N.P. and Rodriguez, B.},
  title   = {{A comparative study of graph-based, eikonal, and monodomain simulations for the estimation of cardiac activation times}},
  journal = {IEEE Trans Biomed Eng},
  year    = {2012},
  volume  = {59},
  number  = {6},
  pages   = {1739--1748},
  doi     = {10.1109/TBME.2012.2193398}
}

@Article{Wallman2014Computational,
  author  = {Wallman, M. and Smith, N.P. and Rodr{\'i}guez, B.},
  title   = {{Computational methods to reduce uncertainty in the estimation of cardiac conduction properties from electroanatomical recordings}},
  journal = {Med Image Anal},
  year    = {2014},
  volume  = {18},
  pages   = {228--240},
  doi     = {10.1016/j.media.2013.10.006}
}

@Article{Walmsley2012Stochasticity,
  author  = {Walmsley, J. and Burrage, K. and Pitt-Francis, J.M. and Mirams, G.R. and Rodr\'{i}guez, B.},
  title   = {{Stochasticity in action potential duration enhances dispersion of repolarisation at fast pacing rates}},
  journal = {Biophys J},
  year    = {2012},
  volume  = {102},
  pages   = {592a--593a},
  doi     = {10.1016/j.bpj.2011.11.3230}
}

@InProceedings{Walmsley2013Estimation,
  author       = {Walmsley, J. and Mirams, G.R. and Efimov, I.R. and Burrage, K. and Rodriguez, B.},
  title        = {Estimation of conductivity tensors from human ventricular optical mapping recordings},
  booktitle    = {International Conference on Functional Imaging and Modeling of the Heart},
  year         = {2013},
  pages        = {224--231},
  organization = {Springer},
  doi={10.1007/978-3-642-38899-6_27}
}

@Article{Walmsley2013mRNA,
  author  = {Walmsley, J. and Rodriguez, J.F. and Mirams, G.R. and Burrage, K. and Efimov, I.R. and Rodriguez, B.},
  title   = {{mRNA expression levels in failing human hearts predict cellular electrophysiological remodelling: A population- based simulation study}},
  journal = {PLOS ONE},
  year    = {2013},
  volume  = {8},
  number  = {2},
  doi     = {10.1371/journal.pone.0056359}
}

@Article{Walmsley2015Application,
  author  = {Walmsley, J. and Mirams, G.R. and Pitt-Francis, J. and Rodriguez, B. and Burrage, K.},
  title   = {{Application of stochastic phenomenological modelling to cell-to-cell and beat-to-beat electrophysiological variability in cardiac tissue}},
  journal = {J Theor Biol},
  year    = {2015},
  volume  = {365},
  pages   = {325--336},
  doi     = {10.1016/j.jtbi.2014.10.029}
}

@Article{Weliky1990Mechanical,
  author  = {Weliky, M. and Oster, G.},
  title   = {{The mechanical basis of cell rearrangement. I. Epithelial morphogenesis during Fundulus epiboly}},
  journal = {Development},
  year    = {1990},
  volume  = {109},
  pages   = {373--386}
}

@Article{Williams2015Web,
  author  = {Williams, G. and Mirams, G.R.},
  title   = {{A web portal for in-silico action potential predictions}},
  journal = {J Pharmacol Toxicol Methods},
  year    = {2015},
  volume  = {75},
  pages   = {10--16},
  doi     = {10.1016/j.vascn.2015.05.002}
}

@ARTICLE{Xin2019,

	AUTHOR={Zhou, Xin and Bueno-Orovio, Alfonso and Schilling, Richard J. and Kirkby, Claire and Denning, Chris and Rajamohan, Divya and Burrage, Kevin and Tinker, Andrew and Rodriguez, Blanca and Harmer, Stephen C.},

	TITLE={Investigating the Complex Arrhythmic Phenotype Caused by the Gain-of-Function Mutation KCNQ1-G229D},

	JOURNAL={Frontiers in Physiology},

	VOLUME={10},

	PAGES={259},

	YEAR={2019},

	URL={https://www.frontiersin.org/article/10.3389/fphys.2019.00259},

	DOI={10.3389/fphys.2019.00259},

	ISSN={1664-042X},
}

@incollection{Zacur2017,
	author = {Zacur, Ernesto and Minchole, Ana and Villard, Benjamin and Carapella, Valentina and Ariga, Rina and Rodriguez, Blanca and Grau, Vicente},
	doi = {10.1007/978-3-319-67552-7_8},
	pages = {61--70},
	publisher = {Springer, Cham},
	title = {{MRI-Based Heart and Torso Personalization for Computer Modeling and Simulation of Cardiac Electrophysiology}},
	url = {http://link.springer.com/10.1007/978-3-319-67552-7{\_}8},
	year = {2017}
}


@InProceedings{Zemzemi2011Simulating,
  author       = {Zemzemi, N. and Bernabeu, M.O. and Saiz, J. and Rodr{\'\i}guez, B.},
  title        = {Simulating drug-induced effects on the heart: from ion channel to body surface electrocardiogram},
  booktitle    = {International Conference on Functional Imaging and Modeling of the Heart},
  year         = {2011},
  pages        = {259--266},
  organization = {Springer},
  doi          = {10.1007/978-3-642-21028-0_32}
}

@Article{Zemzemi2013Computational,
  author  = {Zemzemi, N. and Bernabeu, M.O. and Saiz, J. and Cooper, J. and Pathmanathan, P. and Mirams, G.R. and Pitt-Francis, J. and Rodriguez, B.},
  title   = {{Computational assessment of drug-induced effects on the electrocardiogram: from ion channel to body surface potentials}},
  journal = {Br J Pharmacol},
  year    = {2013},
  volume  = {168},
  number  = {3},
  pages   = {718--733},
  doi     = {10.1111/j.1476-5381.2012.02200.x}
}

@Article{Zemzemi2015Effects,
  author  = {Zemzemi, N. and Rodriguez, B.},
  title   = {{Effects of L-type calcium channel and human ether-a-go-go related gene blockers on the electrical activity of the human heart: a simulation study}},
  journal = {Europace},
  year    = {2015},
  volume  = {17},
  number  = {2},
  pages   = {326--333},
  doi     = {10.1093/europace/euu122}
}

@article{Zhou2016,
	author = {Zhou, X. and Bueno-Orovio, A. and Orini, M. and Hanson, B. and Hayward, M. and Taggart, P. and Lambiase, P.D. and Burrage, K. and Rodriguez, B.},
	doi = {10.1161/CIRCRESAHA.115.307836},
	file = {:Users/garmir/Library/Application Support/Mendeley Desktop/Downloaded/Zhou et al. - 2016 - In Vivo and In Silico Investigation Into Mechanisms of Frequency Dependence of Repolarization Alternans in Human(2).pdf:pdf},
	issn = {0009-7330},
	journal = {Circulation Research},
	month = {jan},
	number = {2},
	pages = {266--278},
	title = {{In Vivo and In Silico Investigation Into Mechanisms of Frequency Dependence of Repolarization Alternans in Human Ventricular Cardiomyocytes}},
	url = {http://circres.ahajournals.org/lookup/doi/10.1161/CIRCRESAHA.115.307836 https://www.ahajournals.org/doi/10.1161/CIRCRESAHA.115.307836},
	volume = {118},
	year = {2016}
}


@article{Langlands2016Paneth,
  author = {Langlands, Alistair J. and Almet, Axel A. and Appleton, Paul L. and Newton, Ian P. and Osborne, James M. and Näthke, Inke S.},
  journal = {PLOS Biology},
  publisher = {Public Library of Science},
  title = {Paneth Cell-Rich Regions Separated by a Cluster of Lgr5+ Cells Initiate Crypt Fission in the Intestinal Stem Cell Niche},
  year = {2016},
  month = {06},
  volume = {14},
  url = {https://doi.org/10.1371/journal.pbio.1002491},
  pages = {1-31},
  abstract = {Crypt fission—a process responsible for normal intestinal growth and for the formation of adenomas —is governed by differential adhesion, stiffness, and proliferation of Lgr5+ cells and Paneth cells in the intestinal stem cell niche.},
  number = {6},
  doi = {10.1371/journal.pbio.1002491}
}

@INPROCEEDINGS{Osborne2018Fully,
  author={J. M. {Osborne} and M. O. {Bernabeu}},
  booktitle={2018 40th Annual International Conference of the IEEE Engineering in Medicine and Biology Society (EMBC)},
  title={A Fully Discrete Open Source Framework for the Simulation of Vascular Remodelling},
  year={2018},
  volume={},
  number={},
  pages={4552-4555},
  keywords={biomechanics;blood vessels;haemodynamics;vascular remodelling;novel computational framework;theoretical study;haemodynamics;vessel biology;particular applications;mathematical formulation;numerical method;fully discrete open source framework;Mathematical model;Computational modeling;Springs;Force;Deformable models;Biological system modeling;Blood flow},
  doi={10.1109/EMBC.2018.8513223},
  ISSN={1558-4615},
month={July}
}

@article {Cervi2018HighOrderOS,
    AUTHOR = {Cervi, Jessica and Spiteri, Raymond J.},
     TITLE = {High-order operator splitting for the bidomain and monodomain
              models},
   JOURNAL = {SIAM J. Sci. Comput.},
  FJOURNAL = {SIAM Journal on Scientific Computing},
    VOLUME = {40},
      YEAR = {2018},
    NUMBER = {2},
     PAGES = {A769--A786},
      ISSN = {1064-8275},
   MRCLASS = {65M20 (65L06 65M60 76Z05 92C10 92C30)},
  MRNUMBER = {3773765},
MRREVIEWER = {Ali R. Soheili},
       DOI = {10.1137/17M1137061},
       URL = {https://doi-org.cyber.usask.ca/10.1137/17M1137061},
}

@article {Spiteri2016Godunov,
    AUTHOR = {Spiteri, Raymond J. and Torabi Ziaratgahi, Saeed},
     TITLE = {Operator splitting for the bidomain model revisited},
   JOURNAL = {J. Comput. Appl. Math.},
  FJOURNAL = {Journal of Computational and Applied Mathematics},
    VOLUME = {296},
      YEAR = {2016},
     PAGES = {550--563},
      ISSN = {0377-0427},
   MRCLASS = {65M60 (65M20 92C30)},
  MRNUMBER = {3430157},
MRREVIEWER = {Manfred Dobrowolski},
       DOI = {10.1016/j.cam.2015.09.015},
       URL = {https://doi-org.cyber.usask.ca/10.1016/j.cam.2015.09.015},
}

@article {Green2019LUT,
    AUTHOR = {Green, Kevin R. and Bohn, Tanner A. and Spiteri, Raymond J.},
     TITLE = {Direct function evaluation versus lookup tables: when to use which?},
   JOURNAL = {SIAM J. Sci. Comput},
  FJOURNAL = {SIAM Journal on Scientific Computing},
    VOLUME = {41},
      YEAR = {2019},
    NUMBER = {3},
     PAGES = {C194-C218},
       DOI = {10.1137/18M1201421}
}

@article{Swat2012CompuCell3D,
  author = {Swat, Maciej H and Thomas, Gilberto L and Belmonte, Julio M and Shirinifard, Abbas and Hmeljak, Dimitrij and Glazier, James A},
  doi = {10.1016/B978-0-12-388403-9.00013-8},
  journal = {Methods Cell Biol.},
  pages = {325--366},
  pmid = {22482955},
  title = {{Multi-scale modeling of tissues using CompuCell3D}},
  url = {http://www.ncbi.nlm.nih.gov/pubmed/22482955},
  volume = {110},
  year = {2012}
}

@article{Starruss2014Morpheus,
  author = {Starru{\ss}, J{\"{o}}rn and de Back, Walter and Brusch, Lutz and Deutsch, Andreas},
  doi = {10.1093/bioinformatics/btt772},
  issn = {1460-2059},
  journal = {Bioinformatics},
  month = {may},
  number = {9},
  pages = {1331--1332},
  publisher = {Oxford University Press},
  title = {{Morpheus: a user-friendly modeling environment for multiscale and multicellular systems biology}},
  url = {https://academic.oup.com/bioinformatics/article-lookup/doi/10.1093/bioinformatics/btt772},
  volume = {30},
  year = {2014}
}

@article{Sutterlin2013EPISIM,
  author = {Sutterlin, T. and Kolb, C. and Dickhaus, H. and Jager, D. and Grabe, N.},
  doi = {10.1093/bioinformatics/bts659},
  issn = {1367-4803},
  journal = {Bioinformatics},
  month = {jan},
  number = {2},
  pages = {223--229},
  publisher = {Oxford University Press},
  title = {{Bridging the scales: semantic integration of quantitative SBML in graphical multi-cellular models and simulations with EPISIM and COPASI}},
  url = {https://academic.oup.com/bioinformatics/article-lookup/doi/10.1093/bioinformatics/bts659},
  volume = {29},
  year = {2013}
}

@article{Hoehme2010CellSys,
  author = {Hoehme, Stefan and Drasdo, Dirk},
  doi = {10.1093/bioinformatics/btq437},
  journal = {Bioinformatics},
  month = {oct},
  number = {20},
  pages = {2641--2},
  pmid = {20709692},
  publisher = {Oxford University Press},
  title = {{A cell-based simulation software for multi-cellular systems}},
  url = {http://www.ncbi.nlm.nih.gov/pubmed/20709692},
  volume = {26},
  year = {2010}
}

@article{Ghaffarizadeh2018PhysiCell,
  author = {Ghaffarizadeh, Ahmadreza and Heiland, Randy and Friedman, Samuel H and Mumenthaler, Shannon M and Macklin, Paul},
  doi = {10.1371/journal.pcbi.1005991},
  issn = {1553-7358},
  journal = {PLoS Comput. Biol.},
  number = {2},
  pages = {e1005991},
  pmid = {29474446},
  publisher = {Public Library of Science},
  title = {{PhysiCell: An open source physics-based cell simulator for 3-D multicellular systems.}},
  url = {http://www.ncbi.nlm.nih.gov/pubmed/29474446 http://www.pubmedcentral.nih.gov/articlerender.fcgi?artid=PMC5841829},
  volume = {14},
  year = {2018}
}

@article{Kang2014Biocellion,
  author = {Kang, S. and Kahan, S. and McDermott, J. and Flann, N. and Shmulevich, I.},
  doi = {10.1093/bioinformatics/btu498},
  issn = {1367-4803},
  journal = {Bioinformatics},
  month = {nov},
  number = {21},
  pages = {3101--3108},
  publisher = {Oxford University Press},
  title = {{Biocellion: accelerating computer simulation of multicellular biological system models}},
  url = {https://academic.oup.com/bioinformatics/article-lookup/doi/10.1093/bioinformatics/btu498},
  volume = {30},
  year = {2014}
}

@article{Merks2011VirtualLeaf,
  author = {Merks, Roeland M H and Guravage, Michael and Inz{\'{e}}, Dirk and Beemster, Gerrit T S},
  doi = {10.1104/pp.110.167619},
  journal = {Plant Physiol.},
  month = {feb},
  number = {2},
  pages = {656--66},
  pmid = {21148415},
  publisher = {American Society of Plant Biologists},
  title = {{VirtualLeaf: an open-source framework for cell-based modeling of plant tissue growth and development}},
  url = {http://www.ncbi.nlm.nih.gov/pubmed/21148415},
  volume = {155},
  year = {2011}
}

@article{Marin-Riera2015EmbryoMaker,
  author = {Marin-Riera, Miquel and Brun-Usan, Miguel and Zimm, Roland and V{\"{a}}likangas, Tommi and Salazar-Ciudad, Isaac},
  doi = {10.1093/bioinformatics/btv527},
  issn = {1367-4803},
  journal = {Bioinformatics},
  month = {sep},
  number = {2},
  publisher = {Oxford University Press},
  title = {{Computational modeling of development by epithelia, mesenchyme and their interactions: a unified model}},
  url = {https://academic.oup.com/bioinformatics/article-lookup/doi/10.1093/bioinformatics/btv527},
  volume = {32},
  year = {2015}
}
