# Bibliography for Chaste paper in the Journal of Open Source Software (http://joss.theoj.org/)

@online{Chaste,
  author = {Chaste Developers},
  title = {Chaste website},
  year = 2005,
  url = {http://www.cs.ox.ac.uk/chaste},
  urldate = {2016-06-30}
}
